<?xml version="1.0" encoding="UTF-8"?>
<record xmlns="http://www.loc.gov/MARC21/slim" xmlns:xsi="http://www.w3.org/2001/XMLSchema-instance" xsi:schemaLocation="http://www.loc.gov/MARC21/slim http://www.loc.gov/standards/marcxml/schema/MARC21slim.xsd">
<leader>00000cam a22      i 4500</leader>
<controlfield tag="001">002773053</controlfield>
<controlfield tag="003">NNU</controlfield>
<controlfield tag="005">20151106165250.0</controlfield>
<controlfield tag="008">870401s1961    su c          000 0carard</controlfield>
<datafield tag="035" ind1=" " ind2=" ">
<subfield code="a">(OCoLC)16840216</subfield>
</datafield>
<datafield tag="040" ind1=" " ind2=" ">
<subfield code="a">NYP</subfield>
<subfield code="b">eng</subfield>
<subfield code="c">NYP</subfield>
<subfield code="d">WAU</subfield>
<subfield code="d">OCLCG</subfield>
<subfield code="d">CUY</subfield>
<subfield code="d">OCLCQ</subfield>
<subfield code="d">OCLCF</subfield>
<subfield code="d">OCLCO</subfield>
<subfield code="d">OCLCQ</subfield>
</datafield>
<datafield tag="043" ind1=" " ind2=" ">
<subfield code="a">a-su---</subfield>
</datafield>
<datafield tag="050" ind1=" " ind2="4">
<subfield code="a">DS244.52</subfield>
<subfield code="b">.I21 1961</subfield>
</datafield>
<datafield tag="100" ind1="1" ind2=" ">
<subfield code="6">880-01</subfield>
<subfield code="a">Ibn Hadhlūl, Saʻūd,</subfield>
<subfield code="c">Amīr.</subfield>
</datafield>
<datafield tag="245" ind1="1" ind2="0">
<subfield code="6">880-02</subfield>
<subfield code="a">Tārīkh mulūk Āl Saʻud /</subfield>
<subfield code="c">taʼlīf al-Amīr Saʻūd ibn Hadhlūl ; qaddama lahu wa-ashrafa ʻalá ṭabʻih Muḥammad al-ʻUbūdī.</subfield>
</datafield>
<datafield tag="250" ind1=" " ind2=" ">
<subfield code="6">880-03</subfield>
<subfield code="a">al-Ṭabʻah 1.</subfield>
</datafield>
<datafield tag="260" ind1=" " ind2=" ">
<subfield code="6">880-04</subfield>
<subfield code="a">[al-Riyāḍ] :</subfield>
<subfield code="b">Maṭābiʻ al-Riyāḍ,</subfield>
<subfield code="c">1961.</subfield>
</datafield>
<datafield tag="300" ind1=" " ind2=" ">
<subfield code="a">246 pages :</subfield>
<subfield code="b">portraits ;</subfield>
<subfield code="c">24 cm</subfield>
</datafield>
<datafield tag="336" ind1=" " ind2=" ">
<subfield code="a">text</subfield>
<subfield code="b">txt</subfield>
<subfield code="2">rdacontent</subfield>
</datafield>
<datafield tag="337" ind1=" " ind2=" ">
<subfield code="a">unmediated</subfield>
<subfield code="b">n</subfield>
<subfield code="2">rdamedia</subfield>
</datafield>
<datafield tag="338" ind1=" " ind2=" ">
<subfield code="a">volume</subfield>
<subfield code="b">nc</subfield>
<subfield code="2">rdacarrier</subfield>
</datafield>
<datafield tag="600" ind1="0" ind2="0">
<subfield code="6">880-05</subfield>
<subfield code="a">Ibn Saʻūd,</subfield>
<subfield code="c">King of Saudi Arabia,</subfield>
<subfield code="d">1880-195.</subfield>
</datafield>
<datafield tag="650" ind1=" " ind2="0">
<subfield code="a">Wahhābīyah.</subfield>
</datafield>
<datafield tag="651" ind1=" " ind2="0">
<subfield code="a">Saudi Arabia</subfield>
<subfield code="x">Kings and rulers</subfield>
<subfield code="x">History.</subfield>
</datafield>
<datafield tag="600" ind1="0" ind2="7">
<subfield code="a">Ibn Saʻūd,</subfield>
<subfield code="c">King of Saudi Arabia,</subfield>
<subfield code="d">1880-1953</subfield>
<subfield code="2">fast</subfield>
<subfield code="0">(OCoLC)fst00061780</subfield>
</datafield>
<datafield tag="650" ind1=" " ind2="7">
<subfield code="a">Kings and rulers.</subfield>
<subfield code="2">fast</subfield>
<subfield code="0">(OCoLC)fst00987694</subfield>
</datafield>
<datafield tag="650" ind1=" " ind2="7">
<subfield code="a">Wahhābīyah.</subfield>
<subfield code="2">fast</subfield>
<subfield code="0">(OCoLC)fst01169912</subfield>
</datafield>
<datafield tag="651" ind1=" " ind2="7">
<subfield code="a">Saudi Arabia.</subfield>
<subfield code="2">fast</subfield>
<subfield code="0">(OCoLC)fst01210372</subfield>
</datafield>
<datafield tag="655" ind1=" " ind2="7">
<subfield code="a">History.</subfield>
<subfield code="2">fast</subfield>
<subfield code="0">(OCoLC)fst01411628</subfield>
</datafield>
<datafield tag="700" ind1="1" ind2=" ">
<subfield code="6">880-06</subfield>
<subfield code="a">ʻUbūdī, Muḥammad ibn Nāṣir.</subfield>
</datafield>
<datafield tag="776" ind1="0" ind2="8">
<subfield code="i">Online version:</subfield>
<subfield code="a">Ibn Hadhlūl, Saʻūd, Amīr.</subfield>
<subfield code="t">Tārīkh mulūk Āl Saʻud.</subfield>
<subfield code="b">al-Ṭabʻah 1.</subfield>
<subfield code="d">[al-Riyāḍ] : Maṭābiʻ al-Riyāḍ, 1961</subfield>
<subfield code="w">(OCoLC)654685372</subfield>
</datafield>
<datafield tag="880" ind1="1" ind2=" ">
<subfield code="6">100-01/</subfield>
<subfield code="a">إبن هذلول، سعود،</subfield>
<subfield code="c">Amīr.</subfield>
</datafield>
<datafield tag="880" ind1="1" ind2="0">
<subfield code="6">245-02/</subfield>
<subfield code="a">تاريخ ملوك آل سعود /</subfield>
<subfield code="c">تأليف سعود بن هذلول.</subfield>
</datafield>
<datafield tag="880" ind1=" " ind2=" ">
<subfield code="6">250-03/</subfield>
<subfield code="a">الطبعة ١.</subfield>
</datafield>
<datafield tag="880" ind1=" " ind2=" ">
<subfield code="6">260-04/</subfield>
<subfield code="a">الرياض :</subfield>
<subfield code="b">مطابع الرياض،</subfield>
<subfield code="c">١٩٦١.</subfield>
</datafield>
<datafield tag="880" ind1="0" ind2="4">
<subfield code="6">600-05/</subfield>
<subfield code="a">ابن سعود،</subfield>
<subfield code="c">كنگ ف سد ارب،</subfield>
<subfield code="d">1880-1953.</subfield>
</datafield>
<datafield tag="880" ind1="1" ind2=" ">
<subfield code="6">700-06/</subfield>
<subfield code="a">عبودي، محمد بن ناصر.</subfield>
</datafield>
<datafield tag="OWN" ind1=" " ind2=" ">
<subfield code="a">GENERAL</subfield>
</datafield>
<datafield tag="AVA" ind1=" " ind2=" ">
<subfield code="a">NYU50</subfield>
<subfield code="b">BOBST</subfield>
<subfield code="c">Main Collection</subfield>
<subfield code="d">DS244.52 .I2 1961</subfield>
<subfield code="e">unavailable</subfield>
<subfield code="t">Unavailable</subfield>
<subfield code="f">1</subfield>
<subfield code="g">1</subfield>
<subfield code="h">N</subfield>
<subfield code="i">2</subfield>
<subfield code="j">MAIN</subfield>
<subfield code="k">0</subfield>
</datafield>
</record>
